<?xml version="1.0" encoding="UTF-8"?><collection xmlns="http://www.loc.gov/MARC21/slim"><record><leader>00360nam--2200133-i-4500</leader><controlfield tag="001">000014839</controlfield><controlfield tag="002">20161230</controlfield><controlfield tag="005">20161230201031</controlfield><controlfield tag="008">060222s1000------------r-----000-0-eng-d</controlfield><datafield ind1=" " ind2=" " tag="080"><subfield code="a">534:535.33(061.3)</subfield></datafield><datafield ind1=" " ind2=" " tag="100"><subfield code="a">Alfons Kawski, Antoni Sliwinski</subfield></datafield><datafield ind1=" " ind2=" " tag="245"><subfield code="a">Acoustic and spectroscopy</subfield></datafield><datafield ind1=" " ind2=" " tag="260"><subfield code="a">Gdansk, Gdanskie Towarzystwo Naukowe, 1979 268 P</subfield></datafield><datafield ind1=" " ind2=" " tag="852"><subfield code="a">75749</subfield></datafield></record></collection>